<?xml version="1.0" encoding="UTF-8"?><collection xmlns="http://www.loc.gov/MARC21/slim"><record><leader>00431nam--2200133-i-4500</leader><controlfield tag="001">000039132</controlfield><controlfield tag="002">20161230</controlfield><controlfield tag="005">20161230201042</controlfield><controlfield tag="008">060222s1000------------r-----000-0-eng-d</controlfield><datafield ind1=" " ind2=" " tag="080"><subfield code="a">535.434(043):539.126.34(043)</subfield></datafield><datafield ind1=" " ind2=" " tag="100"><subfield code="a">Rijssenbeek,Michael Mattheus Herman Maria</subfield></datafield><datafield ind1=" " ind2=" " tag="245"><subfield code="a">Single neutral meso-production in non-annihilations reactions at 7.23 gev/c and 12 gev/c. these</subfield></datafield><datafield ind1=" " ind2=" " tag="260"><subfield code="a">Amsterdam, Univ. 1979. 123 P</subfield></datafield><datafield ind1=" " ind2=" " tag="852"><subfield code="a">47318</subfield></datafield></record></collection>